% https://github.com/CTeX-org/gbt7714-bibtex-style/blob/master/test/testbst/support/standard.bib
% 4 著录项目和著录格式
% 4.1 专著
% 4.1.2 著录格式
% 4.2 专著中的析出文献
% 4.2.2 著录格式
@article{wang2022particle,
  title={Particle filter for high frequency oxygen data assimilation in river systems},
  author={Wang, Shuaitao and Flipo, Nicolas and Romary, Thomas and Hasanyar, Masihullah},
  journal={Environmental Modelling \& Software},
  volume={151},
  pages={105382},
  year={2022},
  publisher={Elsevier}
}

@inproceedings{martin2007invariant,
  title={Invariant observers for attitude and heading estimation from low-cost inertial and magnetic sensors},
  author={Martin, Philippe and Salaun, Erwan},
  booktitle={2007 46th IEEE Conference on Decision and Control},
  pages={1039--1045},
  year={2007},
  organization={IEEE},
  address      = {New Orleans},
  publisher    = {IEEE}
}

@inproceedings{khosravian2014velocity,
  title={Velocity aided attitude estimation on SO (3) with sensor delay},
  author={Khosravian, Alireza and Trumpf, Jochen and Mahony, Robert and Hamel, Tarek},
  booktitle={53rd IEEE Conference on Decision and Control},
  pages={114--120},
  year={2014},
  organization={IEEE},
  address      = {Los Angeles},
  publisher    = {IEEE}
}

% 4.3 连续出版物
% 4.3.2 著录格式
@inproceedings{cheuk2012automatic,
  title={Automatic calibration for inertial measurement unit},
  author={Cheuk, Chi Ming and Lau, Tak Kit and Lin, Kai Wun and Liu, Yunhui},
  booktitle={2012 12th International Conference on Control Automation Robotics \& Vision (ICARCV)},
  pages={1341--1346},
  year={2012},
  organization={IEEE},
  address   = {Guangzhou},
  publisher = {IEEE}
}

@inproceedings{guenard2005dynamic,
  title={Dynamic modeling and intuitive control strategy for an" X4-flyer"},
  author={Guenard, N and Hamel, T and Moreau, V},
  booktitle={2005 International Conference on Control and Automation},
  volume={1},
  pages={141--146},
  year={2005},
  organization={IEEE},
  address      = {Budapest},
  publisher    = {IEEE}
}

@inproceedings{bouabdallah2005backstepping,
  title={Backstepping and sliding-mode techniques applied to an indoor micro quadrotor},
  author={Bouabdallah, Samir and Siegwart, Roland},
  booktitle={Proceedings of the 2005 IEEE international Conference on Robotics and Automation},
  pages={2247--2252},
  year={2005},
  organization={IEEE},
  address      = {Barcelona},
  publisher    = {IEEE}
}

% 4.4 连续出版物中的析出文献
% 4.4.2 著录格式
@article{mahony2008nonlinear,
  title={Nonlinear complementary filters on the special orthogonal group},
  author={Mahony, Robert and Hamel, Tarek and Pflimlin, Jean-Michel},
  journal={IEEE Transactions on Automatic Control},
  volume={53},
  number={5},
  pages={1203--1218},
  year={2008},
  publisher={IEEE}
}

@article{syed2007new,
  title={A new multi-position calibration method for MEMS inertial navigation systems},
  author={Syed, Zainab F and Aggarwal, P and Goodall, C and Niu, X and El-Sheimy, N},
  journal={Measurement Science and Technology},
  volume={18},
  number={7},
  pages={1897},
  year={2007},
  publisher={IOP Publishing}
}

@article{hua2010attitude,
  title={Attitude estimation for accelerated vehicles using GPS/INS measurements},
  author={Hua, Minh-Duc},
  journal={Control Engineering Practice},
  volume={18},
  number={7},
  pages={723--732},
  year={2010},
  publisher={Elsevier}
}

@article{khosravian2016state,
  title={State estimation for invariant systems on lie groups with delayed output measurements},
  author={Khosravian, Alireza and Trumpf, Jochen and Mahony, Robert and Hamel, Tarek},
  journal={Automatica},
  volume={68},
  pages={254--265},
  year={2016},
  publisher={Elsevier}
}

@article{sabatelli2012double,
  title={A double-stage Kalman filter for orientation tracking with an integrated processor in 9-D IMU},
  author={Sabatelli, Simone and Galgani, Marco and Fanucci, Luca and Rocchi, Alessandro},
  journal={IEEE Transactions on Instrumentation and Measurement},
  volume={62},
  number={3},
  pages={590--598},
  year={2012},
  publisher={IEEE}
}

@article{zamani2015nonlinear,
  title={Nonlinear attitude filtering: A comparison study},
  author={Zamani, Mohammad and Trumpf, Jochen and Mahony, R},
  journal={arXiv preprint arXiv:1502.03990},
  year={2015}
}

@article{fong2008methods,
  title={Methods for in-field user calibration of an inertial measurement unit without external equipment},
  author={Fong, WT and Ong, SK and Nee, AYC},
  journal={Measurement Science and technology},
  volume={19},
  number={8},
  pages={085202},
  year={2008},
  publisher={IOP Publishing}
}

@article{sabatini2006wavelet,
  title={A wavelet-based bootstrap method applied to inertial sensor stochastic error modelling using the Allan variance},
  author={Sabatini, Angelo Maria},
  journal={Measurement Science and Technology},
  volume={17},
  number={11},
  pages={2980},
  year={2006},
  publisher={IOP Publishing}
}

@article{尹杭2014一种,
  title={一种 MEMS 加速度计误差分析与校准方法},
  author={尹杭 and 张伟 and 袁琳峰},
  journal={传感技术学报},
  volume={27},
  number={7},
  pages={866--869},
  year={2014}
}

% 4.5 专利文献
% 4.5.2 著录格式
@article{hwangbo2013imu,
  title={IMU self-calibration using factorization},
  author={Hwangbo, Myung and Kim, Jun-Sik and Kanade, Takeo},
  journal={IEEE Transactions on Robotics},
  volume={29},
  number={2},
  pages={493--507},
  year={2013},
  publisher={IEEE}
}

@article{stuelpnagel1964parametrization,
  title={On the parametrization of the three-dimensional rotation group},
  author={Stuelpnagel, John},
  journal={SIAM review},
  volume={6},
  number={4},
  pages={422--430},
  year={1964},
  publisher={SIAM}
}

@article{palais2007euler,
  title={Euler’s fixed point theorem: The axis of a rotation},
  author={Palais, Bob and Palais, Richard},
  journal={Journal of Fixed Point Theory and Applications},
  volume={2},
  number={2},
  pages={215--220},
  year={2007},
  publisher={Springer}
}

% 4.6 电子资源
% 4.6.2 著录格式
@article{wahba1965least,
  title={A least squares estimate of satellite attitude},
  author={Wahba, Grace},
  journal={SIAM review},
  volume={7},
  number={3},
  pages={409--409},
  year={1965},
  publisher={SIAM}
}

@article{shuster1981three,
  title={Three-axis attitude determination from vector observations},
  author={Shuster, Malcolm David and Oh, S D\_},
  journal={Journal of Guidance and Control},
  volume={4},
  number={1},
  pages={70--77},
  year={1981}
}

@article{andrle2013geometric,
  title={Geometric integration of quaternions},
  author={Andrle, Michael S and Crassidis, John L},
  journal={Journal of Guidance, Control, and Dynamics},
  volume={36},
  number={6},
  pages={1762--1767},
  year={2013},
  publisher={American Institute of Aeronautics and Astronautics}
}

@article{李勇2012基于椭球拟合的三轴磁传感器误差补偿方法,
  title={基于椭球拟合的三轴磁传感器误差补偿方法},
  author={李勇 and 刘文怡 and 李杰 and 张晓明 and 蒋窍},
  journal={传感技术学报},
  volume={25},
  number={7},
  pages={917--920},
  year={2012}
}

@article{shuster1993survey,
  title={A survey of attitude representations},
  author={Shuster, Malcolm D and others},
  journal={Navigation},
  volume={8},
  number={9},
  pages={439--517},
  year={1993}
}

% 10 参考文献标注法
% 10.1 顺序编码制
% 10.1.3 多次引用同一著者的同一文献
@article{savage1998strapdown,
  title={Strapdown inertial navigation integration algorithm design part 1: Attitude algorithms},
  author={Savage, Paul G},
  journal={Journal of Guidance, Control, and Dynamics},
  volume={21},
  number={1},
  pages={19--28},
  year={1998}
}

% 10.2 著者-出版年制
% 10.2.3 著录同一著者在同一年的多篇文献
@article{钱华明2010基于,
  title={基于 Kalman 滤波的 MEMS 陀螺仪滤波算法},
  author={钱华明 and 夏全喜 and 阙兴涛 and 张强},
  journal={哈尔滨工程大学学报},
  volume={31},
  number={9},
  pages={1217--1221},
  year={2010}
}

@inproceedings{tedaldi2014robust,
  title={A robust and easy to implement method for IMU calibration without external equipments},
  author={Tedaldi, David and Pretto, Alberto and Menegatti, Emanuele},
  booktitle={2014 IEEE International Conference on Robotics and Automation (ICRA)},
  pages={3042--3049},
  year={2014},
  organization={IEEE},
  address      = {Hong Kong},
  publisher    = {IEEE}
}

@article{赵翔2012基于,
  title={基于 MEMS 加速度计和陀螺仪的姿态检测系统},
  author={赵翔 and 杜普选 and 李虎 and 杨浩淼},
  journal={铁路计算机应用},
  volume={21},
  number={3},
  pages={15--18},
  year={2012}
}

@article{梅玲玉2019基于,
  title={基于 INS/GPS/磁力计的全组合导航},
  author={梅玲玉 and 马磊 and 张涛},
  journal={传感器与微系统},
  volume={38},
  number={3},
  pages={33--35},
  year={2019}
}

% 10.2.4 多次引用同一著者的同一文献
@inproceedings{lee2010geometric,
  title={Geometric tracking control of a quadrotor UAV on SE (3)},
  author={Lee, Taeyoung and Leok, Melvin and McClamroch, N Harris},
  booktitle={49th IEEE Conference on Decision and Control (CDC)},
  pages={5420--5425},
  year={2010},
  organization={IEEE},
  address = {Atlanta},
  publisher = {IEEE}
}

@article{wendel2006integrated,
  title={An integrated GPS/MEMS-IMU navigation system for an autonomous helicopter},
  author={Wendel, Jan and Meister, Oliver and Schlaile, Christian and Trommer, Gert F},
  journal={Aerospace Science and Technology},
  volume={10},
  number={6},
  pages={527--533},
  year={2006},
  publisher={Elsevier}
}

% 附录 A 顺序编码制参考文献表著录格式示例
% A.1 普通图书
@article{mechali2022fixed,
  title={Fixed-time nonlinear homogeneous sliding mode approach for robust tracking control of multirotor aircraft: Experimental validation},
  author={Mechali, Omar and Xu, Limei and Xie, Xiaomei and Iqbal, Jamshed},
  journal={Journal of the Franklin Institute},
  volume={359},
  number={5},
  pages={1971--2029},
  year={2022},
  publisher={Elsevier}
}

@article{elkhatem2022robust,
  title={Robust LQR and LQR-PI control strategies based on adaptive weighting matrix selection for a UAV position and attitude tracking control},
  author={Elkhatem, Aisha Sir and Engin, Seref Naci},
  journal={Alexandria Engineering Journal},
  volume={61},
  number={8},
  pages={6275--6292},
  year={2022},
  publisher={Elsevier}
}

@inproceedings{baldwin2007complementary,
  title={Complementary filter design on the Special Euclidean group SE (3)},
  author={Baldwin, Grant and Mahony, Robert and Trumpf, Jochen and Hamel, Tarek and Cheviron, Thibault},
  booktitle={2007 European Control Conference (ECC)},
  pages={3763--3770},
  year={2007},
  organization={IEEE},
  address      = {Athens},
  publisher    = {IEEE}
}

@inproceedings{yu2015high,
  title={High performance full attitude control of a quadrotor on SO (3)},
  author={Yu, Yun and Yang, Shuo and Wang, Mingxi and Li, Cheng and Li, Zexiang},
  booktitle={2015 IEEE International Conference on Robotics and Automation (ICRA)},
  pages={1698--1703},
  year={2015},
  organization={IEEE},
  address      = {Seattle},
  publisher    = {IEEE}
}

@article{amor2022three,
  title={Three-Tank Process Level Control based on a Nonlinear Observer},
  author={Amor, Mondher and Ladhari, Taoufik and Hadj Said, Salim and M’Sahli, Faouzi},
  journal={IETE Journal of Research},
  pages={1--11},
  year={2022},
  publisher={Taylor \& Francis}
}

@article{wang2022nonlinear,
  title={Nonlinear observer for electromagnetic position estimation using active current control},
  author={Wang, Heng and Zemouche, Ali and Rajamani, Rajesh},
  journal={Mechanical Systems and Signal Processing},
  volume={167},
  pages={108449},
  year={2022},
  publisher={Elsevier}
}

@article{wang2022nonlinear,
  title={A nonlinear observer-based approach to robust cooperative tracking for heterogeneous spacecraft attitude control and formation applications},
  author={Wang, Bohui and Chen, Weisheng and Zhang, Bin and Shi, Peng and Zhang, Huiyan},
  journal={IEEE Transactions on Automatic Control},
  year={2022},
  publisher={IEEE}
}

@inproceedings{roberts2003low,
  title={Low-cost flight control system for a small autonomous helicopter},
  author={Roberts, Jonathan M and Corke, Peter I and Buskey, Gregg},
  booktitle={2003 IEEE International Conference on Robotics and Automation (Cat. No. 03CH37422)},
  volume={1},
  pages={546--551},
  year={2003},
  organization={IEEE},
  address      = {Taipei},
  publisher    = {IEEE}
}

% A.8 期刊中析出的文献
@article{bertsimas2022data,
  title={A data-driven approach to multistage stochastic linear optimization},
  author={Bertsimas, Dimitris and Shtern, Shimrit and Sturt, Bradley},
  journal={Management Science},
  year={2022},
  publisher={INFORMS}
}

@article{liu2022extended,
  title={Extended Wittrick--Williams algorithm for eigenvalue solution of stochastic dynamic stiffness method},
  author={Liu, Xiang and Liu, Xiao and Adhikari, Sondipon and Yin, Shengwen},
  journal={Mechanical Systems and Signal Processing},
  volume={166},
  pages={108354},
  year={2022},
  publisher={Elsevier}
}

@inproceedings{saripalli2003tale,
  title={A tale of two helicopters},
  author={Saripalli, Srikanth and Roberts, Jonathan M and Corke, Peter I and Buskey, Gregg and Sukhatme, Gaurav S},
  booktitle={Proceedings 2003 IEEE/RSJ International Conference on Intelligent Robots and Systems (IROS 2003)(Cat. No. 03CH37453)},
  volume={1},
  pages={805--810},
  year={2003},
  organization={IEEE},
  address      = {Las Vegas},
  publisher    = {IEEE}
}

@article{corke2004inertial,
  title={An inertial and visual sensing system for a small autonomous helicopter},
  author={Corke, Peter},
  journal={Journal of Robotic Systems},
  volume={21},
  number={2},
  pages={43--51},
  year={2004},
  publisher={Wiley Online Library}
}

@article{hua2013implementation,
  title={Implementation of a nonlinear attitude estimator for aerial robotic vehicles},
  author={Hua, Minh-Duc and Ducard, Guillaume and Hamel, Tarek and Mahony, Robert and Rudin, Konrad},
  journal={IEEE Transactions on Control Systems Technology},
  volume={22},
  number={1},
  pages={201--213},
  year={2013},
  publisher={IEEE}
}

@article{hua2011nonlinear,
  title={Nonlinear attitude estimation with measurement decoupling and anti-windup gyro-bias compensation},
  author={Hua, Minh-Duc and Rudin, Konrad and Ducard, Guillaume and Hamel, Tarek and Mahony, Robert},
  journal={IFAC Proceedings Volumes},
  volume={44},
  number={1},
  pages={2972--2978},
  year={2011},
  publisher={Elsevier}
}

@article{chen2022nonparametric,
  title={A Nonparametric Approach to Signal Detection in Non-Gaussian Noise},
  author={Chen, Changrun and Xu, Weichao and Pan, Yijin and Zhu, Huiling and Wang, Jiangzhou},
  journal={IEEE Signal Processing Letters},
  volume={29},
  pages={503--507},
  year={2022},
  publisher={IEEE}
}

@article{crassidis2007survey,
  title={Survey of nonlinear attitude estimation methods},
  author={Crassidis, John L and Markley, F Landis and Cheng, Yang},
  journal={Journal of Guidance, Control, and Dynamics},
  volume={30},
  number={1},
  pages={12--28},
  year={2007}
}

@article{thienel2003coupled,
  title={A coupled nonlinear spacecraft attitude controller and observer with an unknown constant gyro bias and gyro noise},
  author={Thienel, J and Sanner, Robert M},
  journal={IEEE Transactions on Automatic Control},
  volume={48},
  number={11},
  pages={2011--2015},
  year={2003},
  publisher={IEEE}
}

% A.9 报纸中析出的文献
@article{lageman2009gradient,
  title={Gradient-like observers for invariant dynamics on a Lie group},
  author={Lageman, Christian and Trumpf, Jochen and Mahony, Robert},
  journal={IEEE Transactions on Automatic Control},
  volume={55},
  number={2},
  pages={367--377},
  year={2009},
  publisher={IEEE}
}

@article{vasconcelos2010nonlinear,
  title={A nonlinear position and attitude observer on SE (3) using landmark measurements},
  author={Vasconcelos, Jos{\'e} Fernandes and Cunha, Rita and Silvestre, Carlos and Oliveira, P},
  journal={Systems \& Control Letters},
  volume={59},
  number={3-4},
  pages={155--166},
  year={2010},
  publisher={Elsevier}
}

@inproceedings{kingston2004real,
  title={Real-time attitude and position estimation for small UAVs using low-cost sensors},
  author={Kingston, Derek and Beard, Randal},
  booktitle={AIAA 3rd" Unmanned Unlimited" Technical Conference, Workshop and Exhibit},
  pages={6488},
  year={2004},
  publisher={AIAA},
  address = {Chicago},
}

@article{battilotti2015nonlinear,
  title={Nonlinear predictors for systems with bounded trajectories and delayed measurements},
  author={Battilotti, Stefano},
  journal={Automatica},
  volume={59},
  pages={127--138},
  year={2015},
  publisher={Elsevier}
}

% A.10 电子资源
@article{saha2022tinyodom,
  title={TinyOdom: Hardware-Aware Efficient Neural Inertial Navigation},
  author={Saha, Swapnil Sayan and Sandha, Sandeep Singh and Garcia, Luis and Srivastava, Mani},
  journal={Proceedings of the ACM on Interactive, Mobile, Wearable and Ubiquitous Technologies (IMWUT)},
  year={2022}
}

@article{qiu2022compensation,
  title={Compensation Filtering for Spacecraft Attitude Estimation Using Error-Covariance Reconstruction},
  author={Qiu, Zhenbing and Zhang, Jianchun and Lyu, Shangke},
  journal={IEEE Transactions on Instrumentation and Measurement},
  volume={71},
  pages={1--10},
  year={2022},
  publisher={IEEE}
}

@article{jung2022photometric,
  title={Photometric Visual-Inertial Navigation With Uncertainty-Aware Ensembles},
  author={Jung, Jae Hyung and Choe, Yeongkwon and Park, Chan Gook},
  journal={IEEE Transactions on Robotics},
  year={2022},
  publisher={IEEE}
}

@article{guo2022robust,
  title={A Robust Integration Platform of Wi-Fi RTT, RSS Signal and MEMS-IMU for Locating Commercial Smartphone Indoors},
  author={Guo, Guangyi and Chen, Ruizhi and Ye, Feng and Liu, Zuoya and Xu, Shihao and Huang, Lixiong and Li, Zheng and Qian, Long},
  journal={IEEE Internet of Things Journal},
  year={2022},
  publisher={IEEE}
}

@article{hall2000case,
  title={Case study: Inertial measurement unit calibration platform},
  author={Hall, John J and Williams, Robert L},
  journal={Journal of Robotic Systems},
  volume={17},
  number={11},
  pages={623--632},
  year={2000},
  publisher={Wiley Online Library}
}

@inproceedings{kim2004initial,
  title={Initial calibration of an inertial measurement unit using an optical position tracking system},
  author={Kim, Anthony and Golnaraghi, MF},
  booktitle={PLANS 2004. Position Location and Navigation Symposium (IEEE Cat. No. 04CH37556)},
  pages={96--101},
  year={2004},
  organization={IEEE},
  address      = {Monterey},
  publisher    = {IEEE}
}

@inproceedings{schleicher2009real,
  title={Real-time hierarchical GPS aided visual SLAM on urban environments},
  author={Schleicher, David and Bergasa, Luis M and Oca{\~n}a, Manuel and Barea, Rafael and L{\'o}pez, Elena},
  booktitle={2009 IEEE International Conference on Robotics and Automation},
  pages={4381--4386},
  year={2009},
  organization={IEEE},
  address      = {Kobe},
  publisher    = {IEEE}
}

@inproceedings{indelman2013incremental,
  title={Incremental light bundle adjustment for robotics navigation},
  author={Indelman, Vadim and Melim, Andrew and Dellaert, Frank},
  booktitle={2013 IEEE/RSJ International Conference on Intelligent Robots and Systems},
  pages={1952--1959},
  year={2013},
  organization={IEEE},
  address      = {Tokyo},
  publisher    = {IEEE}
}

@article{lotters1998procedure,
  title={Procedure for in-use calibration of triaxial accelerometers in medical applications},
  author={L{\"o}tters, Joost Conrad and Schipper, J and Veltink, PH and Olthuis, W and Bergveld, P},
  journal={Sensors and Actuators A: Physical},
  volume={68},
  number={1-3},
  pages={221--228},
  year={1998},
  publisher={Elsevier}
}

@inproceedings{ping2012generic,
  title={Generic unmanned aerial vehicle (UAV) for civilian application-A feasibility assessment and market survey on civilian application for aerial imaging},
  author={Ping, Julian Tan Kok and Ling, Ang Eng and Quan, Tan Jun and Dat, Chua Yea},
  booktitle={2012 IEEE Conference on Sustainable Utilization and Development in Engineering and Technology (STUDENT)},
  pages={289--294},
  year={2012},
  organization={IEEE},
  address      = {Lumpur},
  publisher    = {IEEE}
}

% @article{陈世适2018微小型飞行器发展现状及关键技术浅析,
%   title={微小型飞行器发展现状及关键技术浅析},
%   author={陈世适 and 姜臻 and 董晓飞 and 周兵 and 姜鹏 and 宋斌},
%   journal={收藏},
%   volume={1},
%   year={2018}
% }

@mastersthesis{李一博2019微小型飞行器视觉感知与自主导航关键技术研究,
  title={微小型飞行器视觉感知与自主导航关键技术研究},
  author={李一博},
  year={2019},
  school={南京航空航天大学}
}

@article{cao2015inner,
  title={Inner--outer loop control for quadrotor UAVs with input and state constraints},
  author={Cao, Ning and Lynch, Alan F},
  journal={IEEE Transactions on Control Systems Technology},
  volume={24},
  number={5},
  pages={1797--1804},
  year={2015},
  publisher={IEEE}
}

@article{zhang2022online,
  title={Online Ground Multitarget Geolocation Based on 3D Map Construction Using a UAV Platform},
  author={Zhang, Fangbing and Yang, Tao and Bai, Yi and Ning, Yajia and Li, Ye and Fan, Jinghui and Li, Dongdong},
  journal={IEEE Transactions on Geoscience and Remote Sensing},
  year={2022},
  publisher={IEEE}
}

@article{mucher2022detection,
  title={Detection, identification and posture recognition of cattle with satellites, aerial photography and UAVs using deep learning techniques},
  author={M{\"u}cher, CA and Los, S and Franke, GJ and Kamphuis, C},
  journal={International Journal of Remote Sensing},
  pages={1--16},
  year={2022},
  publisher={Taylor \& Francis}
}

@article{singh2022intelligent,
  title={An intelligent WSN-UAV-based IoT framework for precision agriculture application},
  author={Singh, Pradeep Kumar and Sharma, Amit},
  journal={Computers and Electrical Engineering},
  volume={100},
  pages={107912},
  year={2022},
  publisher={Elsevier}
}

@article{mechali2022fixed,
  title={Fixed-time nonlinear homogeneous sliding mode approach for robust tracking control of multirotor aircraft: Experimental validation},
  author={Mechali, Omar and Xu, Limei and Xie, Xiaomei and Iqbal, Jamshed},
  journal={Journal of the Franklin Institute},
  volume={359},
  number={5},
  pages={1971--2029},
  year={2022},
  publisher={Elsevier}
}

@article{sarkka2017multi,
  title={A multi-position calibration method for consumer-grade accelerometers, gyroscopes, and magnetometers to field conditions},
  author={S{\"a}rkk{\"a}, Olli and Nieminen, Tuukka and Suuriniemi, Saku and Kettunen, Lauri},
  journal={IEEE Sensors Journal},
  volume={17},
  number={11},
  pages={3470--3481},
  year={2017},
  publisher={IEEE}
}

@article{benziane2016attitude,
  title={Attitude estimation and control using linearlike complementary filters: theory and experiment},
  author={Benziane, Lotfi and El Hadri, A and Seba, Ali and Benallegue, Abdelaziz and Chitour, Yacine},
  journal={IEEE Transactions on Control Systems Technology},
  volume={24},
  number={6},
  pages={2133--2140},
  year={2016},
  publisher={IEEE}
}

@mastersthesis{刘烨秋2019基于非线性观测器的飞行器姿态控制方法与应用,
  title={基于非线性观测器的飞行器姿态控制方法与应用},
  author={刘烨秋},
  year={2019},
  school={中国科学技术大学}
}

@article{王成2018四旋翼无人机飞行控制算法综述,
  title={四旋翼无人机飞行控制算法综述},
  author={王成 and 杨杰 and 姚辉 and 席建祥 and others},
  journal={电光与控制},
  volume={25},
  number={12},
  pages={53--58},
  year={2018}
}

@phdthesis{李轾2020两种欠驱动系统的非线性控制方法研究,
  title={两种欠驱动系统的非线性控制方法研究},
  author={李轾},
  year={2020},
  school={山东大学}
}

@mastersthesis{王勇军2021融合多源信息的小型多旋翼无人机位姿估计方法研究,
  title={融合多源信息的小型多旋翼无人机位姿估计方法研究},
  author={王勇军},
  year={2021},
  school={桂林电子科技大学}
}
